<?xml version="1.0" encoding="UTF-8"?>
<SOAP-ENV:Envelope xmlns:SOAP-ENV="http://schemas.xmlsoap.org/soap/envelope/" xmlns:of="http://oss.dbc.dk/ns/openformat" xmlns:ofo="http://oss.dbc.dk/ns/openformatoutput"><SOAP-ENV:Body><of:formatResponse><marc21><mx:record xmlns:mx="http://www.loc.gov/MARC21/slim" format="MARC21" type="Bibliographic"><mx:leader>00000nam a22000000c 4500</mx:leader><mx:controlfield tag="008">090408s2009    dk |||||      00||j eng|d</mx:controlfield><mx:datafield ind1=" " ind2=" " tag="020"><mx:subfield code="a">9788711433867 (ib.)</mx:subfield><mx:subfield code="c">kr. 299,95</mx:subfield></mx:datafield><mx:datafield ind1="1" ind2=" " tag="029"><mx:subfield code="a">DKDLA</mx:subfield><mx:subfield code="b">870970-basis:27701523</mx:subfield></mx:datafield><mx:datafield ind1=" " ind2=" " tag="040"><mx:subfield code="a">DKDLA</mx:subfield><mx:subfield code="b">dan</mx:subfield><mx:subfield code="c">DKDLA</mx:subfield></mx:datafield><mx:datafield ind1="1" ind2=" " tag="041"><mx:subfield code="a">eng</mx:subfield><mx:subfield code="h">dan</mx:subfield></mx:datafield><mx:datafield ind1=" " ind2=" " tag="084"><mx:subfield code="a">86.9:196</mx:subfield><mx:subfield code="2">z</mx:subfield></mx:datafield><mx:datafield ind1=" " ind2=" " tag="084"><mx:subfield code="a">83</mx:subfield><mx:subfield code="2">z</mx:subfield></mx:datafield><mx:datafield ind1="1" ind2=" " tag="100"><mx:subfield code="a">Andersen, H. C.,</mx:subfield><mx:subfield code="d">f. 1805</mx:subfield></mx:datafield><mx:datafield ind1="1" ind2="0" tag="245"><mx:subfield code="a">Fairytales/</mx:subfield><mx:subfield code="c">Hans Christian Andersen ; illustrated by Svend Otto S. ; translated by Patricia Crampton</mx:subfield></mx:datafield><mx:datafield ind1=" " ind2=" " tag="250"><mx:subfield code="a">1. [i.e. new] edition, 1. printrun</mx:subfield></mx:datafield><mx:datafield ind1=" " ind2=" " tag="260"><mx:subfield code="a">[Kbh.] :</mx:subfield><mx:subfield code="b">Carlsen,</mx:subfield><mx:subfield code="c">2009</mx:subfield></mx:datafield><mx:datafield ind1=" " ind2=" " tag="300"><mx:subfield code="a">138 sider :</mx:subfield><mx:subfield code="b">ill. i farver ;</mx:subfield><mx:subfield code="c">30 cm</mx:subfield></mx:datafield><mx:datafield ind1=" " ind2=" " tag="500"><mx:subfield code="a">Originaltitel: Børnenes H.C. Andersen</mx:subfield></mx:datafield><mx:datafield ind1=" " ind2=" " tag="500"><mx:subfield code="a">Tidligere: 1. udgave. 1985</mx:subfield></mx:datafield><mx:datafield ind1="1" ind2=" " tag="700"><mx:subfield code="a">Otto, Svend</mx:subfield></mx:datafield></mx:record><hs activity="insert">DKDLA</hs><hs activity="insert">DKB</hs></marc21></of:formatResponse></SOAP-ENV:Body></SOAP-ENV:Envelope>
